@article{P1,
  title={Computer poker: A review},
  author={Rubin, J. and Watson, I.},
  journal={Artificial Intelligence},
  volume={175},
  number={5},
  pages={958--987},
  year={2011},
  publisher={Elsevier}
}

@article{P2,
  title={Computing robust counter-strategies},
  author={Johanson, M.; and Zinkevich, M.; and Bowling, M.},
  journal={Advances in neural information processing systems},
  volume={20},
  pages={721--728},
  year={2007}
}

@inproceedings{P3,
  title={Robust strategies and counter-strategies: Building a champion level computer poker player},
  author={Johanson, M.},
  booktitle={Masters Abstracts International},
  volume={46},
  number={03},
  year={2007}
}

@incollection{P4,
  title={Abstraction methods for game theoretic poker},
  author={Shi, J. and Littman, M.},
  booktitle={Computers and Games},
  pages={333--345},
  year={2001},
  publisher={Springer}
}

@inproceedings{P5,
  title={Data biased robust counter strategies},
  author={Johanson, M. and Bowling, M.},
  booktitle={Proceedings of the Twelfth International Conference on Artificial Intelligence and Statistics (AISTATS)},
  pages={264--271},
  year={2009}
}

@incollection{P6,
  title={Game-tree search with adaptation in stochastic imperfect-information games},
  author={Billings, D.; and Davidson, A.; and Schauenberg, T.; and Burch, N.; and Bowling, M.; and Holte, R.; and Schaeffer, J.; and Szafron, D.},
  booktitle={Computers and Games},
  pages={21--34},
  year={2006},
  publisher={Springer}
}

@mastersthesis{P7,
  title={Opponent modeling in poker: Learning and acting in a hostile and uncertain environment},
  author={Davidson, A.},
  year={2002},
  school={University of Alberta, Canada}
}

@mastersthesis{P8,
  title={Opponent modelling and search in poker},
  author={Schauenberg, T.},
  year={2006},
  school={University of Alberta, Canada}
}

@misc{P9,
  title={An artificial intelligence agent for Texas hold’em poker},
  author={McCurley, P.},
  year={2009},
  howpublished={Undergraduate dissertation, University of Newcastle Upon Tyne, UK}
}

@inproceedings{P10,
  title={Adaptive play in texas hold’em poker},
  author={Maîtrepierre, R.; and Mary, J.; and Munos, R.},
  booktitle={ECAI 2008: 18th European Conference on Artificial Intelligence, July 21-25, 2008, Patras, Greece: Including Prestigious Applications of Intelligent Systems (PAIS 2008): Proceedings},
  volume={178},
  pages={458},
  year={2008},
  organization={IOS Press}
}

@inproceedings{P11,
  title={Approximating game-theoretic optimal strategies for full-scale poker},
  author={Billings, D.; and Burch, N.; and Davidson, A.; and Holte, R.; and Schaeffer, J.; and Schauenberg, T.; and Szafron, D.},
  booktitle={International Joint Conference on Artificial Intelligence},
  volume={18},
  pages={661--668},
  year={2003},
}

@article{P12,
  title={Representations and solutions for game-theoretic problems},
  author={Koller, D. and Pfeffer, A.},
  journal={Artificial Intelligence},
  volume={94},
  number={1},
  pages={167--215},
  year={1997},
  publisher={Elsevier}
}

@incollection{P13,
  title={A reinforcement learning algorithm applied to simplified two-player Texas Hold’em poker},
  author={Dahl, F.},
  booktitle={Machine Learning: ECML 2001},
  pages={85--96},
  year={2001},
  publisher={Springer}
}

@article{P14,
  title={On information and sufficiency},
  author={Kullback, S. and Leibler, R.},
  journal={The Annals of Mathematical Statistics},
  volume={22},
  number={1},
  pages={79--86},
  year={1951},
  publisher={JSTOR}
}


