@inproceedings{P1,
author=         {Prandtstetter, M. and Raidl, G.},
title=          {Combining Forces to Reconstruct Strip Shredded Text Documents},
booktitle =     {Hybrid metaheuristics},
year=           {2008},
publisher=      {Springer},
}

@inproceedings{P2,
author=         {Sleit, A., Massad, Y. and Musaddaq M.},
title=          {An alternative clustering approach for reconstructing cross cut shredded text documents},
booktitle =     {Telecommunication Systems},
year =          {2011},
publisher=      {Springer},
}

@inproceedings{P3,
author=         {Hampel, H., Arps, R., Chamzas, C., Dellert, D., Duttweiler, D., Endoh, T., Equitz, E., Ono, F., Pasco, R., Sebestyen, I., Starkey, C., Urban, S., Yamazaki, Y. and Yoshida, T.},
title=          {Technical features of the JBIG standard for progressive bi-level image compression},
booktitle =     {Signal Processing: Image Communication},
year =          {1992},
publisher=      {Elsevier},
}

@inproceedings{P4,
author=         {Haffner, P., Bottou, L., Howard, P. and LeCun Y.},
title=          {DjVu: Analyzing and Compressing Scanned Documents for Internet Distribution},
booktitle =     {Document Analysis and Recognition},
year =          {1999},
publisher=      {Springer},
}

@inproceedings{P5,
author=         {Prandtstetter, M. and Raidl, G.},
title=          {Meta-Heuristics for Reconstructing Cross Cut Shredded Text Documents},
booktitle =     {Genetic and Evolutionary Computation},
year =          {2009},
publisher=      {ACM Press},
}

@techreport{P6,
author=         {Prandtstetter, M.},
title=          {Two Approaches for Computing Lower Bounds on the Reconstruction of Strip Shredded Text Documents},
institution =   {Technishe Universitat Wien, Institut für Computergraphik und Algorithmen},
year =          {2009},
number=         {TR–186–1–09–01},
}

@inproceedings{P7,
author=         {Schauer, C., Prandtstetter, M. and Raidl, G.},
title=          {A Memetic Algorithm for Reconstructing Cross-Cut Shredded Text Documents},
booktitle =     {Hybrid Metaheuristics},
year =          {2010},
publisher=      {Springer},
}


@inproceedings{P8,
author=         {Perl, J., Diem, M., Kleber, F. and Sablatnig, R.},
title=          {Strip Shredded Document Reconstruction using Optical Character Recognition Imaging for Crime Detection and Prevention},
booktitle =     {Imaging for Crime Detection and Prevention},
year =          {2011},
publisher=      {Springer},
}

@inproceedings{P9,
author=         {Kruskal, J.},
title=          {On the Shortest Spanning Subtree of a Graph and the Traveling Salesman Problem},
booktitle =     {Proceedings of the American Mathematical Society},
year =          {1956},
publisher=      {American Mathematical Society},
}
