@incollection{P1,
  title={Combining forces to reconstruct strip shredded text documents},
  author={Prandtstetter, M. and Raidl, G.},
  booktitle={Hybrid Metaheuristics},
  pages={175--189},
  year={2008},
  publisher={Springer}
}

@article{P2,
  title={An alternative clustering approach for reconstructing cross cut shredded text documents},
  author={Sleit, A., Massad, Y. and Musaddaq M.},
  journal={Telecommunication Systems},
  pages={1--11},
  year={2011},
  publisher={Springer}
}

@inproceedings{P3,
author=         {Hampel, H., Arps, R., Chamzas, C., Dellert, D., Duttweiler, D., Endoh, T., Equitz, E., Ono, F., Pasco, R., Sebestyen, I., Starkey, C., Urban, S., Yamazaki, Y. and Yoshida, T.},
title=          {Technical features of the {JBIG} standard for progressive bi-level image compression},
booktitle =     {Signal Processing: Image Communication},
year =          {1992},
publisher=      {Elsevier},
}

@inproceedings{P4,
author=         {Haffner, P., Bottou, L., Howard, P. and LeCun Y.},
title=          {DjVu: Analyzing and Compressing Scanned Documents for Internet Distribution},
booktitle =     {Document Analysis and Recognition},
year =          {1999},
publisher=      {Springer},
}

@inproceedings{P5,
  title={Meta-heuristics for reconstructing cross cut shredded text documents},
  author={Prandtstetter, M. and Raidl, G.},
  booktitle={Proceedings of the 11th Annual conference on Genetic and evolutionary computation},
  pages={349--356},
  year={2009},
  organization={ACM}
}

@techreport{P6,
author=         {Prandtstetter, M.},
title=          {Two Approaches for Computing Lower Bounds on the Reconstruction of Strip Shredded Text Documents},
institution =   {Technishe Universitat Wien, Institut fur Computergraphik und Algorithmen},
year =          {2009},
number=         {TR–186–1–09–01},
}

@incollection{P7,
  title={A memetic algorithm for reconstructing cross-cut shredded text documents},
  author={Schauer, C., Prandtstetter, M. and Raidl, G.},
  booktitle={Hybrid Metaheuristics},
  pages={103--117},
  year={2010},
  publisher={Springer}
}

@inproceedings{P8,
  title={Strip shredded document reconstruction using optical character recognition},
  author={Perl, J., Diem, M., Kleber, F. and Sablatnig, R.},
  booktitle={Imaging for Crime Detection and Prevention 2011 (ICDP 2011), 4th International Conference on},
  pages={1--6},
  year={2011},
  organization={IET}
}

@article{P9,
  title={On the shortest spanning subtree of a graph and the traveling salesman problem},
  author={Kruskal, J.},
  journal={Proceedings of the American Mathematical society},
  volume={7},
  number={1},
  pages={48--50},
  year={1956},
  publisher={JSTOR}
}

@book{P10,
author=         {Dānishjūyān-i Musalmān-i Payraw-i Khaṭṭ-i Imām},
title=          {Documents from the U.S. espionage den : America, supporter of usurpers of the Qods},
year=           {1980},
publisher=      {Teheran: Muslim Students Following the Line of the Imam},
}

@book{P11,
author=         {Skoudis, E., Liston, T.},
title=          {Counter Hack Reloaded: A Step-by-Step Guide to Computer Attacks and Effective Defenses (2nd Edition)},
year=           {2006},
publisher=      {Prentice Hall},
}

@MISC{P12,
author =        {US Federal Trade Commission website},
title =         {What is Identity Theft?},
year =          {2012},
howpublished=   {\url{http://www.consumer.ftc.gov/media/video-0023-what-identity-theft}}
}

@MISC{P13,
author =        {US Federal Trade Commission website},
title =         {How to Keep Your Personal Information Secure},
year =          {2012},
howpublished=   {\url{http://www.consumer.ftc.gov/articles/0272-how-keep-your-personal-information-secure}}
}

@MISC{P14,
author =        {``Unshredder", Shredded document reconstruction system},
title =         {Company homepage},
howpublished=   {\url{http://www.unshredder.com}}
}

@MISC{P15,
author =        {{DARPA} Shredder Challenge},
title =         {Competition homepage},
howpublished=   {\url{http://archive.darpa.mil/shredderchallenge}}
}

@MISC{P16,
author =        {Heingartner, D.},
title =         {Back Together Again},
howpublished=   {\url{http://www.nytimes.com/2003/07/17/technology/back-together-again.html}},
year =          {2003},
publisher =     {New York Times}
}

@MISC{P17,
author =        {ShreddingMachines},
title =         {{DIN} Security Levels},
howpublished=   {\url{http://www.shreddingmachines.co.uk/din32757-1.asp}},
}

@article{P18,
  title={Reconstructing shredded documents through feature matching},
  author={Justino, E., Oliveira, L. and Freitas, C.},
  journal={Forensic Science International},
  volume={160},
  number={2},
  pages={140--147},
  year={2006},
  publisher={Elsevier}
}

@article{P19,
  title={Evaluation and reconstruction of strip-shredded text documents},
  author={Morandell, W.},
  journal={Master's thesis, Vienna University of Technology, Austria},
  year={2008}
}

@article{P20,
  title={Enhancing an Evolutionary Algorithm with a Solution Archive to Reconstruct Cross Cut Shredded Text Documents},
  author={Biesinger, B.},
  journal={Bachelor's thesis, Vienna University of Technology, Austria},
  year={2012}
}

@article{P21,
  title={Apictorial jigsaw puzzles: The computer solution of a problem in pattern recognition},
  author={Freeman, H. and Garder, L.},
  journal={Electronic Computers, IEEE Transactions on},
  number={2},
  pages={118--127},
  year={1964},
  publisher={IEEE}
}

@inproceedings{P22,
  title={A global approach to automatic solution of jigsaw puzzles},
  author={Goldberg, D., Malon, C. and Bern, M.},
  booktitle={Proceedings of the Eighteenth Annual Symposium on Computational Geometry},
  pages={82--87},
  year={2002},
  organization={ACM}
}

@inproceedings{P23,
  title={Jigsaw puzzle solver using shape and color},
  author={Chung, M., Fleck, M. and Forsyth, D.},
  booktitle={Signal Processing Proceedings, 1998. ICSP'98. 1998 Fourth International Conference on},
  volume={2},
  pages={877--880},
  year={1998},
  organization={IEEE}
}

@article{P24,
  title={A shape and image merging technique to solve jigsaw puzzles},
  author={Yao, F. and Shao, G.},
  journal={Pattern Recognition Letters},
  volume={24},
  number={12},
  pages={1819--1835},
  year={2003},
  publisher={Elsevier}
}

@article{P25,
  title={Solving jigsaw puzzles using image features},
  author={Nielsen, T., Drewsen, P. and Hansen, K.},
  journal={Pattern Recognition Letters},
  volume={29},
  number={14},
  pages={1924--1933},
  year={2008},
  publisher={Elsevier}
}

@phdthesis{P26,
  title={An Investigation into Automated Shredded Document Reconstruction using Heuristic Search Algorithms},
  author={Skeoch, A.},
  year={2006},
  school={PhD thesis, University of Bath, UK}
}

@inproceedings{P27,
  title={Reconstruction of torn documents using contour maps},
  author={Biswas, A., Bhowmick, P. and Bhattacharya, B.},
  booktitle={Image Processing, 2005. ICIP 2005. IEEE International Conference on},
  volume={3},
  pages={III--517},
  year={2005},
  organization={IEEE}
}

@article{P28,
  title={Contour-shape based reconstruction of fragmented, 1600 {BC} wall paintings},
  author={Papaodysseus, C., Panagopoulos, T., Exarhos, M., Triantafillou, C., Fragoulis, D. and Doumas, C.},
  journal={Signal Processing, IEEE Transactions on},
  volume={50},
  number={6},
  pages={1277--1288},
  year={2002},
  publisher={IEEE}
}

@article{P29,
  title={Prehistoric wall-paintings reconstruction using image pattern analysis and curve fitting},
  author={Panagopoulos, T., Papaodysseus, C., Exarhos, M., Triantafillou, C., Roussopoulos, G. and Roussopoulos, P.},
  journal={WSEAS Transactions on Electronics},
  volume={1},
  number={1},
  pages={108--13},
  year={2004}
}

@article{P30,
  title={Reconstruction of ripped-up documents using fragment stack analysis procedures},
  author={De Smet, P.},
  journal={Forensic Science International},
  volume={176},
  number={2},
  pages={124--136},
  year={2008},
  publisher={Elsevier}
}

@inproceedings{P31,
  title={Edge envelope based reconstruction of torn document},
  author={SantoshKumar, S. and ShreyamshaKumar, B.},
  booktitle={Proceedings of the Seventh Indian Conference on Computer Vision, Graphics and Image Processing},
  pages={391--397},
  year={2010},
  organization={ACM}
}

@inproceedings{P32,
  title={Document analysis applied to fragments: feature set for the reconstruction of torn documents},
  author={Diem, M., Kleber, F. and Sablatnig, R.},
  booktitle={Proceedings of the 9th IAPR International Workshop on Document Analysis Systems},
  pages={393--400},
  year={2010},
  organization={ACM}
}

@article{P33,
  title={{DARPA} Shredder challenge solved},
  author={Geller, T.},
  journal={Communications of the ACM},
  volume={55},
  number={8},
  pages={16--17},
  year={2012},
  publisher={ACM}
}

@inproceedings{P34,
  title={The Deshredder: A visual analytic approach to reconstructing shredded documents},
  author={Butler, P., Chakraborty, P. and Ramakrishan, N.},
  booktitle={Visual Analytics Science and Technology (VAST), 2012 IEEE Conference on},
  pages={113--122},
  year={2012},
  organization={IEEE}
}

@inproceedings{P35,
  title={Hallucination: A Mixed-Initiative Approach for Efficient Document Reconstruction},
  author={Zhang, H., Lai, J. and Bacher, M.},
  booktitle={Workshops at the Twenty-Sixth AAAI Conference on Artificial Intelligence},
  year={2012}
}

@article{P36,
  title={Reconstructing Cross-Cut Shredded Documents by means of Evolutionary Algorithms},
  author={Schauer, C.},
  journal={Master's thesis, Vienna University of Technology, Institute of Computer Graphics and Algorithms},
  year={2010}
}

@article{P37,
  title={Chained {L}in-{K}ernighan for large traveling salesman problems},
  author={Applegate, D., Cook, W. and Rohe, A.},
  journal={INFORMS Journal on Computing},
  volume={15},
  number={1},
  pages={82--92},
  year={2003},
  publisher={INFORMS}
}

@article{P38,
  title={Variable neighborhood search},
  author={Mladenovic, N. and Hansen, P.},
  journal={Computers \& Operations Research},
  volume={24},
  number={11},
  pages={1097--1100},
  year={1997},
  publisher={Elsevier}
}

@article{P39,
  title={Ant colony optimization},
  author={Dorigo, M., Birattari, M. and Stutzle, T.},
  journal={Computational Intelligence Magazine, IEEE},
  volume={1},
  number={4},
  pages={28--39},
  year={2006},
  publisher={IEEE}
}

@article{P40,
  title={Shortest connection networks and some generalizations},
  author={Prim, R.},
  journal={Bell System Technical Journal},
  volume={36},
  number={6},
  pages={1389--1401},
  year={1957}
}

@inproceedings{P41,
  title={A fast orientation and skew detection algorithm for monochromatic document images},
  author={Avila, B., and Lins, R.},
  booktitle={Proceedings of the 2005 ACM symposium on Document Engineering},
  pages={118--126},
  year={2005},
  organization={ACM}
}

@article{P42,
  title={A document skew detection method using the {H}ough transform},
  author={Amin, A. and Fischer, S.},
  journal={Pattern Analysis \& Applications},
  volume={3},
  number={3},
  pages={243--253},
  year={2000},
  publisher={Springer}
}

@article{P43,
  title={Automatic image orientation detection},
  author={Vailaya, A., Zhang, H., Yang, C., Liu, F., Jain, A.},
  journal={Image Processing, IEEE Transactions on},
  volume={11},
  number={7},
  pages={746--755},
  year={2002},
  publisher={IEEE}
}

@article{P44,
  title={Generalizing the {H}ough transform to detect arbitrary shapes},
  author={Ballard, D.},
  journal={Pattern Recognition},
  volume={13},
  number={2},
  pages={111--122},
  year={1981},
  publisher={Elsevier}
}

@article{P45,
  title={Algorithm for text page up/down orientation determination},
  author={Caprari, R.},
  journal={Pattern Recognition Letters},
  volume={21},
  number={4},
  pages={311--317},
  year={2000},
  publisher={Elsevier}
}

@article{P46,
  title={A generic method for determining up/down orientation of text in roman and non-roman scripts},
  author={Aradhye, H.},
  journal={Pattern Recognition},
  volume={38},
  number={11},
  pages={2114--2131},
  year={2005},
  publisher={Elsevier}
}

@inproceedings{P47,
  title={Shredded document reconstruction using {MPEG}-7 standard descriptors},
  author={Ukovich, A., Ramponi, G., Doulaverakis, H., Kompatsiaris, Y., and Strintzis, M.},
  booktitle={Signal Processing and Information Technology, 2004. Proceedings of the Fourth IEEE International Symposium on},
  pages={334--337},
  year={2004},
  organization={IEEE}
}

@article{P48,
  title={The {MPEG}-7 visual standard for content description-an overview},
  author={Sikora, T.},
  journal={Circuits and Systems for Video Technology, IEEE Transactions on},
  volume={11},
  number={6},
  pages={696--702},
  year={2001},
  publisher={IEEE}
}

@inproceedings{P49,
  title={Features for the reconstruction of shredded notebook paper},
  author={Ukovich, A. and Ramponi, G.},
  booktitle={Image Processing, 2005. ICIP 2005. IEEE International Conference on},
  volume={3},
  pages={III--93},
  year={2005},
  organization={IEEE}
}

@inproceedings{P50,
  title={Machine analysis of bubble chamber pictures},
  author={Hough, Paul VC},
  booktitle={International Conference on High Energy Accelerators and Instrumentation},
  volume={73},
  year={1959}
}

@inproceedings{P51,
  title={Tracing the source of a shredded document},
  author={Brassil, J.},
  booktitle={Information Hiding},
  pages={387--399},
  year={2003},
  organization={Springer}
}

@MISC{P52,
author =        {Python Imaging Library},
title =         {Library homepage},
howpublished=   {\url{http://www.pythonware.com/products/pil/}}
}

@MISC{P53,
author =        {{I}mage{M}agick},
title =         {Command-line Processing},
howpublished=   {\url{http://www.imagemagick.org/script/command-line-processing.php}}
}

